<record><leader>00000cas a22000007a 4500</leader><controlfield tag="001">13432838</controlfield><controlfield tag="008">860415d19081908nvuwr ne      0    0eng d</controlfield><datafield ind1=" " ind2=" " tag="010"><subfield code="a">sn 86091317 </subfield></datafield><datafield ind1=" " ind2=" " tag="040"><subfield code="a">UNP</subfield><subfield code="b">eng</subfield><subfield code="c">UNP</subfield><subfield code="d">NNX</subfield><subfield code="d">OCLCQ</subfield></datafield><datafield ind1=" " ind2=" " tag="042"><subfield code="a">msc</subfield></datafield><datafield ind1=" " ind2="4" tag="050"><subfield code="a">AN2.N3</subfield><subfield code="b">J85</subfield></datafield><datafield ind1="0" ind2="4" tag="245"><subfield code="a">The Jumbo miner.</subfield></datafield><datafield ind1=" " ind2=" " tag="260"><subfield code="a">Jumbo, Nev. :</subfield><subfield code="b">G.L. Sanford and W.P. Harrington,</subfield><subfield code="c">1908.</subfield></datafield><datafield ind1=" " ind2=" " tag="300"><subfield code="a">1 v. :</subfield><subfield code="b">ill.</subfield></datafield><datafield ind1=" " ind2=" " tag="310"><subfield code="a">Weekly</subfield></datafield><datafield ind1="0" ind2=" " tag="362"><subfield code="a">Vol. 1, no. 1 (Apr. 4, 1908)-v. 1, no. 17 (July, 25, 1908).</subfield></datafield><datafield ind1="8" ind2=" " tag="521"><subfield code="a">Mining.</subfield></datafield><datafield ind1=" " ind2=" " tag="752"><subfield code="a">United States</subfield><subfield code="b">Nevada</subfield><subfield code="c">Washoe</subfield><subfield code="d">Jumbo.</subfield></datafield></record>